<record><leader>00000cas a22000007a 4500</leader><controlfield tag="001">29516151</controlfield><controlfield tag="008">931217d19151950okuwr ne      0    0eng d</controlfield><datafield ind1=" " ind2=" " tag="010"><subfield code="a">sn 93066273 </subfield></datafield><datafield ind1=" " ind2=" " tag="040"><subfield code="a">OBN</subfield><subfield code="b">eng</subfield><subfield code="c">OBN</subfield><subfield code="d">OCLCQ</subfield><subfield code="d">OCLCF</subfield><subfield code="d">OCLCO</subfield></datafield><datafield ind1="1" ind2=" " tag="029"><subfield code="a">AU@</subfield><subfield code="b">000025889098</subfield></datafield><datafield ind1=" " ind2=" " tag="042"><subfield code="a">msc</subfield></datafield><datafield ind1=" " ind2=" " tag="043"><subfield code="a">n-us-ok</subfield></datafield><datafield ind1="0" ind2="0" tag="245"><subfield code="a">Latimer County news-democrat.</subfield></datafield><datafield ind1=" " ind2=" " tag="260"><subfield code="a">Wilburton, Latimer County, Okla. :</subfield><subfield code="b">Weaver &amp; Jennings</subfield></datafield><datafield ind1=" " ind2=" " tag="300"><subfield code="a">v.</subfield></datafield><datafield ind1=" " ind2=" " tag="310"><subfield code="a">Weekly</subfield></datafield><datafield ind1="0" ind2=" " tag="362"><subfield code="a">Vol. 17, no. 31 (Apr. 9, 1915)-</subfield></datafield><datafield ind1="1" ind2=" " tag="362"><subfield code="a">Ceased in Feb. 1950.</subfield></datafield><datafield ind1=" " ind2="0" tag="651"><subfield code="a">Wilburton (Okla.)</subfield><subfield code="v">Newspapers.</subfield></datafield><datafield ind1=" " ind2="0" tag="651"><subfield code="a">Latimer County (Okla.)</subfield><subfield code="v">Newspapers.</subfield></datafield><datafield ind1=" " ind2="7" tag="655"><subfield code="a">Newspapers.</subfield><subfield code="2">fast</subfield><subfield code="0">(OCoLC)fst01423814</subfield></datafield><datafield ind1=" " ind2="7" tag="651"><subfield code="a">Oklahoma</subfield><subfield code="z">Latimer County.</subfield><subfield code="2">fast</subfield><subfield code="0">(OCoLC)fst01219028</subfield></datafield><datafield ind1=" " ind2="7" tag="651"><subfield code="a">Oklahoma</subfield><subfield code="z">Wilburton.</subfield><subfield code="2">fast</subfield><subfield code="0">(OCoLC)fst01228495</subfield></datafield><datafield ind1=" " ind2=" " tag="752"><subfield code="a">United States</subfield><subfield code="b">Oklahoma</subfield><subfield code="c">Latimer</subfield><subfield code="d">Wilburton.</subfield></datafield><datafield ind1="0" ind2="4" tag="780"><subfield code="t">Wilburton news</subfield><subfield code="w">(DLC)sn 93066272</subfield><subfield code="w">(OCoLC)29516069</subfield></datafield><datafield ind1="0" ind2="4" tag="780"><subfield code="t">Latimer County democrat</subfield><subfield code="w">(DLC)sn 93066271</subfield><subfield code="w">(OCoLC)29515921</subfield></datafield><datafield ind1="0" ind2="7" tag="785"><subfield code="t">Latimer County tribune</subfield><subfield code="w">(DLC)sn 93066274</subfield><subfield code="w">(OCoLC)29516231</subfield></datafield><datafield ind1="0" ind2="7" tag="785"><subfield code="t">Latimer County news-tribune</subfield><subfield code="w">(DLC)sn 93066275</subfield><subfield code="w">(OCoLC)29516310</subfield></datafield></record>